<?xml version="1.0" encoding="UTF-8"?><record xmlns="http://www.loc.gov/MARC21/slim" xmlns:cinclude="http://apache.org/cocoon/include/1.0" xmlns:zs="http://www.loc.gov/zing/srw/">
  <leader>00653nz  a2200133n  4500</leader>
  <controlfield tag="001">n  86127360 </controlfield>
  <controlfield tag="003">DLC</controlfield>
  <controlfield tag="005">19861009100112.5</controlfield>
  <controlfield tag="008">860911n| acannaab|          |a ana |||  </controlfield>
  <datafield tag="010" ind1=" " ind2=" ">
    <subfield code="a">n  86127360 </subfield>
  </datafield>
  <datafield tag="040" ind1=" " ind2=" ">
    <subfield code="a">DLC</subfield>
    <subfield code="c">DLC</subfield>
    <subfield code="d">DLC</subfield>
  </datafield>
  <datafield tag="110" ind1="2" ind2="0">
    <subfield code="a">Sŭvet na mladite nauchni rabotnit︠s︡i (Sofiĭski universitet "Kliment Okhridski")</subfield>
  </datafield>
  <datafield tag="410" ind1="2" ind2="0">
    <subfield code="a">Sofiĭski universitet "Kliment Okhridski."</subfield>
    <subfield code="b">Sŭvet na mladite nauchni rabotnit︠s︡i</subfield>
  </datafield>
  <datafield tag="670" ind1=" " ind2=" ">
    <subfield code="a">Roli︠a︡ta na mladii︠a︡ prepodavatel za usŭvŭrshenstvuvane na uchebno-vuzpitatelnii︠a︡ prot︠s︡es, 1984:</subfield>
    <subfield code="b">t.p. (Sofiĭski universitet "Kliment Okhridski," Sŭvet na mladite nauchni rabotnit︠s︡i)</subfield>
  </datafield>
</record>